<marcxml:record xmlns:marcxml="http://www.loc.gov/MARC21/slim" xmlns:idx="info:lc/xq-modules/lcindex" xmlns:madsrdf="http://www.loc.gov/mads/rdf/v1#" xmlns:ri="http://id.loc.gov/ontologies/RecordInfo#" xmlns:xlink="http://www.w3.org/1999/xlink" xmlns:rdf="http://www.w3.org/1999/02/22-rdf-syntax-ns#" xmlns:mets="http://www.loc.gov/METS/" xmlns:semtriples="http://marklogic.com/semantic" xmlns:xsi="http://www.w3.org/2001/XMLSchema-instance" xmlns:streams="info:lc/streams#">
            <marcxml:leader>00548cz  a2200205n  4500</marcxml:leader>
            <marcxml:controlfield tag="001">sh85001233</marcxml:controlfield>
            <marcxml:controlfield tag="003">DLC</marcxml:controlfield>
            <marcxml:controlfield tag="005">19991108090637.0</marcxml:controlfield>
            <marcxml:controlfield tag="008">860211|| anannbabn          |a ana      </marcxml:controlfield>
            <marcxml:datafield tag="010" ind1=" " ind2=" ">
              <marcxml:subfield code="a">sh 85001233 </marcxml:subfield>
            </marcxml:datafield>
            <marcxml:datafield tag="040" ind1=" " ind2=" ">
              <marcxml:subfield code="a">DLC</marcxml:subfield>
              <marcxml:subfield code="c">DLC</marcxml:subfield>
              <marcxml:subfield code="d">DLC</marcxml:subfield>
            </marcxml:datafield>
            <marcxml:datafield tag="151" ind1=" " ind2=" ">
              <marcxml:subfield code="a">Aegean Islands (Greece and Turkey)</marcxml:subfield>
            </marcxml:datafield>
            <marcxml:datafield tag="450" ind1=" " ind2=" ">
              <marcxml:subfield code="a">Islands</marcxml:subfield>
              <marcxml:subfield code="z">Aegean Sea</marcxml:subfield>
            </marcxml:datafield>
            <marcxml:datafield tag="451" ind1=" " ind2=" ">
              <marcxml:subfield code="w">nne</marcxml:subfield>
              <marcxml:subfield code="a">Islands of the Aegean</marcxml:subfield>
            </marcxml:datafield>
            <marcxml:datafield tag="550" ind1=" " ind2=" ">
              <marcxml:subfield code="w">g</marcxml:subfield>
              <marcxml:subfield code="a">Islands</marcxml:subfield>
              <marcxml:subfield code="z">Greece</marcxml:subfield>
            </marcxml:datafield>
            <marcxml:datafield tag="550" ind1=" " ind2=" ">
              <marcxml:subfield code="w">g</marcxml:subfield>
              <marcxml:subfield code="a">Islands</marcxml:subfield>
              <marcxml:subfield code="z">Turkey</marcxml:subfield>
            </marcxml:datafield>
            <marcxml:datafield tag="670" ind1=" " ind2=" ">
              <marcxml:subfield code="a">Lippincott.</marcxml:subfield>
            </marcxml:datafield>
            <marcxml:datafield tag="670" ind1=" " ind2=" ">
              <marcxml:subfield code="a">Web. geog.</marcxml:subfield>
            </marcxml:datafield>
            <marcxml:datafield tag="670" ind1=" " ind2=" ">
              <marcxml:subfield code="a">Britannica 14.</marcxml:subfield>
            </marcxml:datafield>
            <marcxml:datafield tag="781" ind1=" " ind2="0">
              <marcxml:subfield code="w">n</marcxml:subfield>
              <marcxml:subfield code="z">Aegean Islands (Greece and Turkey)</marcxml:subfield>
            </marcxml:datafield>
          </marcxml:record>
